@article{Loungani2001,
  author = {Prakash Loungani},
  title = {How Accurate Are Private Sector Forecasts? Cross-Country Evidence from Consensus Forecasts of Output Growth},
  journal = {International Journal of Forecasting},
  volume = {17},
  number = {3},
  pages = {419-432},
  year = {2001},
  doi = {10.1016/S0169-2070(01)00049-5}
}

@article{ClementsHendry2002,
  author = {Michael P. Clements and David F. Hendry},
  title = {How far can we forecast?},
  journal = {Journal of Forecasting},
  volume = {21},
  number = {1},
  pages = {1-27},
  year = {2002},
  doi = {10.1002/for.818}
}

@article{GouletCoulombe2019,
  author    = {Philippe Goulet Coulombe and Maxime Leroux and Dalibor Stevanovic and Stéphane Surprenant},
  title     = {How is Machine Learning Useful for Macroeconomic Forecasting?},
  journal   = {Journal of Applied Econometrics},
  volume    = {37},
  number    = {5},
  pages     = {920--964},
  year      = {2022},
  doi       = {10.1002/jae.2910},
  url       = {https://onlinelibrary.wiley.com/doi/abs/10.1002/jae.2910}
}
@article{Hall2018,
  author    = {Aaron Smalter Hall},
  title     = {Machine Learning Approaches to Macroeconomic Forecasting},
  journal   = {Economic Review},
  volume    = {103},
  number    = {4},
  pages     = {63--81},
  year      = {2018},
  publisher = {Federal Reserve Bank of Kansas City},
  doi       = {10.18651/ER/4q18SmalterHall},
  url       = {https://www.kansascityfed.org/documents/921/2018-Machine%20Learning%20Approaches%20to%20Macroeconomic%20Forecasting.pdf}
}
@misc{Yang2024,
  author       = {Yanqing Yang and Xingcheng Xu and Jinfeng Ge and Yan Xu},
  title        = {Machine Learning for Economic Forecasting: An Application to China's GDP Growth},
  year         = {2024},
  eprint       = {2407.03595},
  archivePrefix= {arXiv},
  primaryClass = {econ.GN},
  url          = {https://arxiv.org/abs/2407.03595}
}
@book{hastie2009elements,
  title={The Elements of Statistical Learning: Data Mining, Inference, and Prediction},
  author={Hastie, Trevor and Tibshirani, Robert and Friedman, Jerome},
  year={2009},
  publisher={Springer}
}

@book{jerven2013poor,
  title={Poor Numbers: How We Are Misled by African Development Statistics and What to Do About It},
  author={Jerven, Morten},
  year={2013},
  publisher={Cornell University Press}
}

@book{baldwin2016great,
  title={The Great Convergence: Information Technology and the New Globalization},
  author={Baldwin, Richard},
  year={2016},
  publisher={Harvard University Press}
}

@article{blanchard2015inflation,
  title={Inflation Targets and Stabilization Policy},
  author={Blanchard, Olivier and Dell’Ariccia, Giovanni and Mauro, Paolo},
  journal={IMF Working Paper WP/15/127},
  year={2015}
}